% @techreport{Reference1,
%     author = {National Security Agency },
%     title = {The National Security Agency: Missions, Authorities, Oversight and Partnerships},
%     Url = {http:// www.nsa.gov/public_info/_?les/speeches_testimonies/2013_08_09 _the_nsa_story.pdf  introduction},
%      Year = {2013},
% Keywords = { References}}
% }

%     @article{Reference2,
%  	Author = {J. Gantz and D. Reinsel},
% 	Journal = {Hopkinton, MA, USA: EMC},
% 	Title = {The Digital Universe Decadeâ€”Are You Ready},
% 	Url = {http://link.aip.org/link/?RSI/69/1236/1},
% 	Year = {2010},
% Keywords = { References}}
	
	
% 	@paper{Reference4,
% 	Author = {Song Han, Huizi Mao,William J. Dally},
% 	Conference = {ICLR 2016},
% 	Keywordss = {Diode Laser},
% 	Title = {Deep Compression:  Compressing Deep Neural Networks with Pruning Trained Quantization and Huffman Coding},
% 	Url = {https://arxiv.org/pdf/1510.00149.pdf},
% 	Year = {2016},
% Keywords = { References}}
	
% 	@Thesis{Reference15,
% 	Author= {Philipp Gysel},
%  	Keywordss = { Machine Learning,FPGA},	Title = {Ristretto: Hardware-Oriented Approximation of Convolutional Neural Networks},
% 	Url = {https://arxiv.org/pdf/1605.06402.pdf},
% 	Year = {2017},
% Keywords = { References}}

% 	@journal{Reference30,
% 	Author= {Google Brain team},
% 	journal={Google Research},
%  	Keywordss = { Machine Learning,FPGA},
% 	Title = {TensorFlow, Google's Open Source AI, Signals Big Changes in Hardware Too},
% 	Url = {https://www.wired.com/2015/11/googles-open-source-ai-tensorflow-signals-fast-changing-hardware-world/},
% 	Year = {2015},
% Keywords = { References}}


% 	@blog{Reference31,
% 	Author= {Norm Jouppi},
% 	blog={Google Cloud Platform Blog},
%  	Keywordss = { Machine Learning,FPGA},
% 	Title = {Google supercharges machine learning tasks with TPU custom chip },
% 	Url = {https://cloudplatform.googleblog.com/2016/05/Google-supercharges-machine-learning-tasks-with-custom-chip.html},
% 	Year = {2017},
% Keywords = { References}}

% 	@Technical_Report{Reference33,
% 	Author= {F. Rosenblat},
% 	Report={CORNELL AERONAUTICAL LAB
% INC BUFFALO NY},
%  	Keywordss = { Machine Learning,FPGA},
% 	Title = {Principles of neurodynamics. perceptrons and the
% theory of brain mechanism},
% 	Url = {http://www.dtic.mil/dtic/tr/fulltext/u2/256582.pdf},
% 	Year = {1961},
% Keywords = { References}}

	


%%% External Links
 	@link{Link1,
	Title = {Vivado Design Suite - HLx Editions},
	URL = {https://www.xilinx.com/products/design-tools/vivado.html},
Keywords = {Link}} 
 	
 	@link{Link2,
	Title = {MATLAB},
	URL = {https://www.mathworks.com/},
Keywords = {Link}} 
 	
 	
%   	@link{Link3,
% 	Title = {ZCU102 User Guide},
% 	URL = {https://www.xilinx.com/support/documentation/boards_and_kits/zcu102/ug1182-zcu102-eval-bd.pdf},
% Keywords = {Link}} 	
 	
 	
%  	@link{Link4,
% 	Title = {TensorFlow},
% 	URL = {https://www.tensorflow.org/},
% Keywords = {Link}} 	

 	
%  	@link{Link5,
% 	Title = {Horizon 2020},
% 	URL = {https://ec.europa.eu/programmes/horizon2020/},
% Keywords = {Link}} 	
 	
%  	@link{Link6,
% 	Title = {EuroExa},
% 	URL = {https://euroexa.eu/},
% Keywords = {Link}} 	

%  	@link{Link7,
% 	Title = {QFDB platform for EuroExa},
% 	URL = {http://www.exanest.eu/news.html},
% Keywords = {Link}} 	

%   	@link{Link8,
% 	Title = {Google opens up about its Tensor Processing Unit},
% 	URL = {https://www.datacenterdynamics.com/news/google-opens-up-about-its-tensor-processing-unit/},
% Keywords = {Link}} 	

