@link{ubuntu-raspberry,
	title = "Ubuntu 20.04.2 for Raspberry Pi",
	url = "https://ubuntu.com/download/raspberry-pi/thank-you?version=20.04.2&architecture=server-arm64+raspi",
	publisher = "Canonical",	
	urldate = {},
	keywords = "Link",
}

@link{Ros-noetic-installation,
	title = "Ubuntu install of ROS Noetic",
	url = "http://wiki.ros.org/noetic/Installation/Ubuntu",
	publisher = "ROS.org",	
	urldate = {},
	keywords = "Link",
}

@link{adafruit-10dof-imu,
	title = "Adafruit 10-DOF IMU Breakout - L3GD20H + LSM303 + BMP180",
	url = "https://www.adafruit.com/product/1604",
	publisher = "Adafruit",	
	urldate = {},
	keywords = "Link",
}

@link{raspberry-pi-fan-breadkout,
	title = "Raspberry-Pi-Fan-Breakout",
	url = "https://github.com/CSpyridakis/Raspberry-Pi-Fan-Breakout",
	publisher = "Christos Spyridakis",	
	urldate = {},
	keywords = "Link",
}

@link{creative-camera,
	title = "Creative live! cam sync 1080p",
	url = "https://en.creative.com/p/peripherals/creative-live-cam-sync-1080p",
	publisher = "Creative",	
	urldate = {},
	keywords = "Link",
}

@link{bn-220-gps,
	title = "BN-220 GPS Module + Antenna Datasheet",
	url = "https://files.banggood.com/2016/11/BN-220%20GPS+Antenna%20datasheet.pdf",
	publisher = "Banggood",	
	urldate = {},
	keywords = "Link",
}