@article{infrared-and-ultrasonic-localization,
    author = {Bahiki, Muhammad and Talib, N and Azrad, Syaril},
    year = {2016},
    month = {10},
    pages = {012025},
    title = {Relative positioning-based system with tau control for collision avoidance in swarming application},
    volume = {152},
    journal = {IOP Conference Series: Materials Science and Engineering},
    doi = {10.1088/1757-899X/152/1/012025},
    keywords = "References",
}

@INPROCEEDINGS{uwb-accuracy,
  author={Malajner, Marko and Planinšič, Peter and Gleich, Dušan},
  booktitle={2015 International Conference on Systems, Signals and Image Processing (IWSSIP)}, 
  title={UWB ranging accuracy}, 
  year={2015},
  volume={},
  number={},
  pages={61-64},
  doi={10.1109/IWSSIP.2015.7314177},
  keywords = "References",
}


@article{superaccurate-gps,
    author = {Samuel K. Moore},
    year = {2017},
    month = {9},
    pages = {},
    title = {Superaccurate GPS Chips Coming to Smartphones in 2018},
    url = {https://spectrum.ieee.org/tech-talk/semiconductors/design/superaccurate-gps-chips-coming-to-smartphones-in-2018},
    volume = {},
    journal = {IEEE Spectrum},
    doi = {},
    keywords = "References",
}

@inproceedings{camera-localization,
    author = {Ruiz, Carlos and Chen, Xinlei and Zhang, Lin and Zhang, Pei},
    year = {2016},
    month = {11},
    pages = {324-325},
    title = {Collaborative Localization and Navigation in Heterogeneous UAV swarms: Demo Abstract},
    doi = {10.114v5/2994551.2996544},
    keywords = "References",
}

@article{ultra-wide-band-localization,
    author = {Yang, Qi and Zhong, Yisheng and Shi, Zongying},
    year = {2020},
    month = {09},
    pages = {012028},
    title = {Cooperative 3-D relative localization for UAV swarm by fusing UWB with IMU and GPS},
    volume = {1642},
    journal = {Journal of Physics: Conference Series},
    doi = {10.1088/1742-6596/1642/1/012028},
    keywords = "References",
}
%%%%%%%%%%%%%%%%%%%%%%%%%%%%%%%%%%%%%%%%%%%%%%%%

@link{rtk-gps,
	title = "Real-time kinematic positioning",
	url = "https://en.wikipedia.org/wiki/Real-time_kinematic_positioning",
	publisher = "Wikipedia",	
	urldate = {2020-5},
	keywords = "Link",
}

@link{gps-accuracy,
	title = "GPS Accuracy",
	url = "https://www.gps.gov/systems/gps/performance/accuracy/",
	publisher = "Official U.S. government",	
	urldate = {2020-5},
	keywords = "Link",
}

@link{motion-capture,
	title = "Motion capture",
	url = "https://en.wikipedia.org/wiki/Motion_capture",
	publisher = "Wikipedia",	
	urldate = {2020-5},
	keywords = "Link",
}

@link{optitrack,
	title = "Optitrack",
	url = "https://optitrack.com/",
	publisher = "",	
	urldate = {2020-5},
	keywords = "Link",
}

@link{vicon,
	title = "Vicon",
	url = "https://www.vicon.com/about-us/what-is-motion-capture/",
	publisher = "",	
	urldate = {2020-5},
	keywords = "Link",
}

@link{ros,
	title = "About ROS",
	url = "https://www.ros.org/about-ros/",
	publisher = "",	
	urldate = {2020-5},
	keywords = "Link",
}

@link{opencv,
	title = "About Opencv",
	url = "https://opencv.org/about/",
	publisher = "",	
	urldate = {2020-5},
	keywords = "Link",
}