@misc{experiment-1-video,
	title = "Ball Detection - Distance/Angle Estimation - DEMO",
	url = "https://www.youtube.com/watch?v=yE8dfYj0fwA",
	publisher = "Spyridakis Christos",	
	urldate = {2022-1},
	keywords = "Link",
}

@misc{experiment-2-video,
	title = "Motion Capture System - Outdoor experiments - Phase 1",
	url = "https://www.youtube.com/watch?v=twRdn7D5eus",
	publisher = "Spyridakis Christos",	
	urldate = {2022-1},
	keywords = "Link",
}

@misc{experiment-blink-video,
	title = "Motion Capture System - Calculate node's ID from blinking led frequency",
	url = "https://www.youtube.com/watch?v=-_UyhhGHF5s",
	publisher = "Spyridakis Christos",	
	urldate = {2022-1},
	keywords = "Link",
}