%-----------------------------------
%	REFERENCES
%-----------------------------------

@article{,
  author={},
  journal={}, 
  title={}, 
  year={},
  volume={},
  number={},
  pages={},
  doi={},
  keywords = "References",
}

%-----------------------------------
%	EXTERNAL LINKS
%-----------------------------------

@link{,
	title = "",
	url = "",
	publisher = "",	
	date = "",
	month = {},
	urldate = {2020-11},
	keywords = "Link",
}

%-----------------------------------
%	Unused references
%-----------------------------------