
@misc{ros,
	title = "About ROS",
	url = "https://www.ros.org/about-ros/",
	publisher = "",	
	urldate = {2020-5},
	keywords = "Link",
}

@misc{ubuntu-raspberry,
	title = "Ubuntu 20.04.2 for Raspberry Pi",
	url = "https://ubuntu.com/download/raspberry-pi/thank-you?version=20.04.2&architecture=server-arm64+raspi",
	publisher = "Canonical",	
	urldate = {2021-8},
	keywords = "Link",
}

@misc{Ros-noetic-installation,
	title = "Ubuntu install of ROS Noetic",
	url = "http://wiki.ros.org/noetic/Installation/Ubuntu",
	publisher = "ROS.org",	
	urldate = {2021-8},
	keywords = "Link",
}

@misc{adafruit-10dof-imu,
	title = "Adafruit 10-DOF IMU Breakout - L3GD20H + LSM303 + BMP180",
	url = "https://www.adafruit.com/product/1604",
	publisher = "Adafruit",	
	urldate = {2021-8},
	keywords = "Link",
}

@misc{raspberry-pi-fan-breadkout,
	title = "Raspberry-Pi-Fan-Breakout",
	url = "https://github.com/CSpyridakis/Raspberry-Pi-Fan-Breakout",
	publisher = "Christos Spyridakis",	
	urldate = {2021-8},
	keywords = "Link",
}

@misc{creative-camera,
	title = "Creative live! cam sync 1080p",
	url = "https://en.creative.com/p/peripherals/creative-live-cam-sync-1080p",
	publisher = "Creative",	
	urldate = {2021-8},
	keywords = "Link",
}

@misc{bn-220-gps,
	title = "BN-220 GPS Module + Antenna Datasheet",
	url = "https://files.banggood.com/2016/11/BN-220%20GPS+Antenna%20datasheet.pdf",
	publisher = "Banggood",	
	urldate = {2021-8},
	keywords = "Link",
}


@misc{KiCad,
	title = "About KiCad",
	url = "https://www.kicad.org/about/kicad/",
	publisher = "KiCad.org",	
	urldate = {2021-9},
	keywords = "Link",
}

@misc{introduction-to-computer-vision,
	title = "Introduction to Computer Vision",
	url = "https://www.udacity.com/course/introduction-to-computer-vision--ud810",
	publisher = "Udacity",	
	urldate = {2021-9},
	keywords = "Link",
}

@misc{uart-protocol,
	title = "Universal asynchronous receiver-transmitter",
	url = "https://en.wikipedia.org/wiki/Universal_asynchronous_receiver-transmitter",
	publisher = "Wikipedia",	
	urldate = {2021-9},
	keywords = "Link",
}

@misc{I2C-protocol,
	title = "IÂ²C",
	url = "https://en.wikipedia.org/wiki/I%C2%B2C",
	publisher = "Wikipedia",	
	urldate = {2021-9},
	keywords = "Link",
}

@misc{NMEA-0183-packets,
	title = "NMEA 0183",
	url = "https://en.wikipedia.org/wiki/NMEA_0183",
	publisher = "Wikipedia",	
	urldate = {2021-9},
	keywords = "Link",
}

@misc{ubuntu-raspi-intall,
	title = "How to install Ubuntu Desktop on Raspberry Pi 4",
	url = "https://ubuntu.com/tutorials/how-to-install-ubuntu-desktop-on-raspberry-pi-4#1-overview",
	publisher = "Canocical",	
	urldate = {2021-9},
	keywords = "Link",
}

@misc{serial-fix,
	title = "RPi4 Serial port not working on either Raspberry OS or Ubuntu",
	url = "https://raspberrypi.stackexchange.com/questions/114366/rpi4-serial-port-not-working-on-either-raspberry-os-or-ubuntu",
	publisher = "Stackexchange",	
	urldate = {2021-9},
	keywords = "Link",
}

@misc{nmea-navsat-driver,
	title = "nmea\_navsat\_driver",
	url = "http://wiki.ros.org/nmea_navsat_driver",
	publisher = "ROS.org",	
	urldate = {2021-9},
	keywords = "Link",
}

@misc{ros-official-tutorials,
	title = "ROS Tutorials",
	url = "http://wiki.ros.org/ROS/Tutorials",
	publisher = "ROS.org",	
	urldate = {2021-9},
	keywords = "Link",
}

@misc{ros-calibration-instr1,
	title = "Calibration Manual",
	url = "https://reconcell.gitlab.io/reconcell_docs/UserManuals/VisualProcessing/CalibrationManual/calibration_manual.html",
	publisher = "ReconCell",	
	urldate = {2021-10},
	keywords = "Link",
}

@misc{ros-calibration-instr2,
	title = "ROS/OpenCV Stereo Calibration yaml files",
	url = "https://www.merrysprout.com/posts/camera/ros_stereo_calibration_yaml/",
	publisher = "Merry Sprout",	
	urldate = {2021-10},
	keywords = "Link",
}


@misc{ros-adafruit-10dof-imu-original,
	title = "ros-adafruit-10dof-imu",
	url = "https://github.com/shantanubhadoria/ros-adafruit-10dof-imu",
	publisher = "shantanubhadoria",	
	urldate = {2021-10},
	keywords = "Link",
}

@misc{ros-adafruit-10dof-imu-cspyridakis,
	title = "ros-adafruit-10dof-imu",
	url = "https://github.com/CSpyridakis/ros-adafruit-10dof-imu",
	publisher = "CSpyridakis",	
	urldate = {2021-10},
	keywords = "Link",
}

@misc{ros-doc,
	title = "Documentation",
	url = "http://wiki.ros.org/ROS/Tutorials",
	publisher = "",	
	urldate = {2020-5},
	keywords = "Link",
}


