%-----------------------------------
%	REFERENCES
%-----------------------------------

@article{trilateration-application1, 
  author={Kokić, Paula and Tomaš, Boris},
  year = {2017}, 
  pages = {259-264},
  journal = {Central European Conference on Information and Intelligent System}, 
  title = {Enhanced drone swarm localization using GPS and trilateration based on RF propagation model}, 
  publisher = {Faculty of Organization and Informatics, University of Zagreb}, 
  publisherplace = {Vara\v{z}din, Hrvatska}, 
  url = "https://www.bib.irb.hr/901389",
  keywords = "References",
}

@article{,
  author={},
  journal={}, 
  title={}, 
  year={},
  volume={},
  number={},
  pages={},
  doi={},
  url ="",
  keywords = "References",
}

%-----------------------------------
%	EXTERNAL LINKS
%-----------------------------------

@link{,
	title = "",
	url = "",
	publisher = "",	
	date = "",
	month = {},
	urldate = {2020-11},
	keywords = "Link",
}

%-----------------------------------
%	Unused references
%-----------------------------------