%-----------------------------------
%	REFERENCES
%-----------------------------------
@ARTICLE{,
  author={A. {Boukerche} and H. A. B. F. {Oliveira} and E. F. {Nakamura} and A. A. F. {Loureiro}},
  journal={IEEE Wireless Communications}, 
  title={Localization systems for wireless sensor networks}, 
  year={2007},
  volume={14},
  number={6},
  pages={6-12},
  doi={10.1109/MWC.2007.4407221},
  keywords = "References",
}


@article{,
  author={},
  journal={}, 
  title={}, 
  year={},
  volume={},
  number={},
  pages={},
  doi={},
  keywords = "References",
}

%-----------------------------------
%	EXTERNAL LINKS
%-----------------------------------

@link{,
	title = "",
	url = "",
	publisher = "",	
	date = "",
	month = {},
	urldate = {2020-11},
	keywords = "Link",
}

%-----------------------------------
%	Unused references
%-----------------------------------